<mx:record xmlns="http://www.w3.org/TR/xhtml1/strict" xmlns:mx="http://www.loc.gov/MARC21/slim" xmlns:xsi="http://www.w3.org/2001/XMLSchema-instance"><mx:leader>00000cz  a2200000n  45 0</mx:leader><mx:controlfield tag="001">oca03766569 </mx:controlfield><mx:controlfield tag="005">20081031061626.0</mx:controlfield><mx:controlfield tag="008">950119n| acannaabn          |b aaa     c</mx:controlfield><mx:datafield ind1=" " ind2=" " tag="010"><mx:subfield code="a">nr 95002413</mx:subfield><mx:subfield code="z">n  89239849</mx:subfield></mx:datafield><mx:datafield ind1=" " ind2=" " tag="040"><mx:subfield code="a">NNC</mx:subfield><mx:subfield code="b">eng</mx:subfield><mx:subfield code="c">NNC</mx:subfield><mx:subfield code="d">InU</mx:subfield><mx:subfield code="d">DLC</mx:subfield><mx:subfield code="d">OCoLC</mx:subfield></mx:datafield><mx:datafield ind1="0" ind2=" " tag="100"><mx:subfield code="a">Anaritius,</mx:subfield><mx:subfield code="d">d. ca. 922</mx:subfield></mx:datafield><mx:datafield ind1="1" ind2=" " tag="400"><mx:subfield code="a">Nayrīzī, al-Faḍl ibn Ḥātim,</mx:subfield><mx:subfield code="d">d. ca. 922</mx:subfield></mx:datafield><mx:datafield ind1="0" ind2=" " tag="400"><mx:subfield code="a">Abū'l-'Abbās al Faḍl ibn Ḥātim al Nayrīzī,</mx:subfield><mx:subfield code="d">d. ca. 922</mx:subfield></mx:datafield><mx:datafield ind1="0" ind2=" " tag="400"><mx:subfield code="a">Abū'l 'Abbās al-Faḍhl ibn Ḥātim al-Narīzī,</mx:subfield><mx:subfield code="d">d. ca. 922</mx:subfield></mx:datafield><mx:datafield ind1="0" ind2=" " tag="400"><mx:subfield code="a">Faḍl ibn Ḥātim al-Nayrīzī,</mx:subfield><mx:subfield code="d">d. ca. 922</mx:subfield></mx:datafield><mx:datafield ind1="0" ind2=" " tag="400"><mx:subfield code="a">Al-Nariiz,</mx:subfield><mx:subfield code="d">d. ca. 922</mx:subfield></mx:datafield><mx:datafield ind1="0" ind2=" " tag="400"><mx:subfield code="a">Narisi An, Abul Abbas Al Fadl ibn Hatim,</mx:subfield><mx:subfield code="d">d. ca. 922</mx:subfield></mx:datafield><mx:datafield ind1="1" ind2=" " tag="400"><mx:subfield code="a">An-Nayrīri, Abūl 'Abbas al-Fadl ibn Hatim,</mx:subfield><mx:subfield code="d">d. ca. 922</mx:subfield></mx:datafield><mx:datafield ind1="1" ind2=" " tag="400"><mx:subfield code="a">Al-Nayrizī, Abū ʼl-ʻl-ʻAbbās Al-Faḍl,</mx:subfield><mx:subfield code="d">d. ca. 922</mx:subfield></mx:datafield><mx:datafield ind1="0" ind2=" " tag="400"><mx:subfield code="a">نيريزي، الفضل بن حاتم،</mx:subfield><mx:subfield code="d">d. ca. 922</mx:subfield></mx:datafield><mx:datafield ind1=" " ind2=" " tag="667"><mx:subfield code="a">Machine-derived non-Latin script reference project.</mx:subfield></mx:datafield><mx:datafield ind1=" " ind2=" " tag="667"><mx:subfield code="a">Non-Latin script reference not evaluated.</mx:subfield></mx:datafield><mx:datafield ind1=" " ind2=" " tag="670"><mx:subfield code="a">The Latin translation of Anaritius' commentary on Euclid's Elements of geometry, 1994:</mx:subfield><mx:subfield code="b">t.p., etc. (Anaritius) p. ix (Abū'l-'Abbās al Faḍl ibn Ḥātim al Nayrīzī; flourished Bagdad ca. 897; d. ca. 922)</mx:subfield></mx:datafield><mx:datafield ind1=" " ind2=" " tag="670"><mx:subfield code="a">NUC pre-56</mx:subfield><mx:subfield code="b">(Anaritius; x-ref: Abū'l 'Abbās al-Faḍhl ibn Ḥātim al-Narīzī)</mx:subfield></mx:datafield><mx:datafield ind1=" " ind2=" " tag="670"><mx:subfield code="a">BM</mx:subfield><mx:subfield code="b">(Fadl ibn Hatim al-Nairīzī)</mx:subfield></mx:datafield><mx:datafield ind1=" " ind2=" " tag="670"><mx:subfield code="a">Lexikon der alten Welt:</mx:subfield><mx:subfield code="b">p. 128 (Al-Nariiz (Anaritius); d. ca. 922)</mx:subfield></mx:datafield><mx:datafield ind1=" " ind2=" " tag="670"><mx:subfield code="a">Meyers enzyklopädisches Lexikon</mx:subfield><mx:subfield code="b">(Nairisi, An, Abul Abbas Al Fadl ibn Hatim; An-Nayrīri, Abūl 'Abbas al-Fadl ibn Hatim, d. ca. 920)</mx:subfield></mx:datafield><mx:datafield ind1=" " ind2=" " tag="670"><mx:subfield code="a">Encycl. of Islam:</mx:subfield><mx:subfield code="b">index of proper names to v. l-vii and supplements, p. 311 (al-Nayrizī, Abū ʼl-ʻl-ʻAbbas Al-Faḍl)</mx:subfield></mx:datafield><mx:datafield ind1=" " ind2=" " tag="670"><mx:subfield code="a">Handasat Uqlīdis fī aydin ʻArabīyah, 1991:</mx:subfield><mx:subfield code="b">p. 29 (al-Nayrīzī, Abū al-ʻAbbās al-Faḍl ibn Ḥātim; d. 310 H/922 or 3 M)</mx:subfield></mx:datafield><mx:datafield ind1=" " ind2=" " tag="670"><mx:subfield code="a">Brockelmann:</mx:subfield><mx:subfield code="b">S. I, p. 386 (Abu'l-ʻAbbās al-Faḍl b. Ḥātim an-Nairīzī; d. ca. 310/922 or 3)</mx:subfield></mx:datafield><mx:datafield ind1=" " ind2=" " tag="675"><mx:subfield code="a">Dictionary of the Middle Ages, 1982-1989;</mx:subfield><mx:subfield code="a">Concise encyc. of Islam.</mx:subfield></mx:datafield><mx:datafield ind1=" " ind2=" " tag="999"><mx:subfield code="a">794</mx:subfield></mx:datafield></mx:record>